% Encoding: windows-1252

@Misc{BA19_neut_03,
  author    = {Neuhaus,Stephan},
  title     = {Bachelorarbeit 2019 - {FS: BA19\_neut\_03}},
  year      = {2018},
  owner     = {ZHAW},
  timestamp = {2019-04-25},
  url       = {\url{https://tat.zhaw.ch/tpada/arbeit_vorschau.jsp?arbeitID=16096}},
}

@Book{KerriskTLPI,
  title     = {{The Linux Programming Interface}},
  publisher = {No Starch Press},
  year      = {2010},
  author    = {Kerrisk, Michael},
  address   = {San Francisco, CA, USA},
  isbn      = {978-1-59327-220-3},
  date      = {2010-11-01},
  ean       = {9781593272203},
  url       = {\url{http://www.man7.org/tlpi/}},
}

@Article{rfc253,
  author    = {James A. Moorer},
  title     = {{Second Network Graphics meeting details}},
  journal   = {RFC},
  year      = {1971},
  volume    = {253},
  pages     = {1},
  bibsource = {dblp computer science bibliography, https://dblp.org},
  biburl    = {https://dblp.org/rec/bib/journals/rfc/rfc253},
  doi       = {10.17487/RFC0253},
  timestamp = {Wed, 14 Nov 2018 10:20:12 +0100},
  url       = {\url{https://doi.org/10.17487/RFC0253}},
}

@Article{rfc6668,
  author    = {Denis Bider and Mark D. Baushke},
  title     = {{SHA-2 Data Integrity Verification for the Secure Shell (SSH) Transport Layer Protocol}},
  journal   = {RFC},
  year      = {2012},
  volume    = {6668},
  pages     = {1--5},
  bibsource = {dblp computer science bibliography, https://dblp.org},
  biburl    = {https://dblp.org/rec/bib/journals/rfc/rfc6668},
  doi       = {10.17487/RFC6668},
  timestamp = {Wed, 14 Nov 2018 10:21:12 +0100},
  url       = {\url{https://doi.org/10.17487/RFC6668}},
}

@Article{rfc8268,
  author    = {Mark D. Baushke},
  title     = {{More Modular Exponentiation (MODP) Diffie-Hellman (DH) Key Exchange (KEX) Groups for Secure Shell (SSH)}},
  journal   = {RFC},
  year      = {2017},
  volume    = {8268},
  pages     = {1--8},
  bibsource = {dblp computer science bibliography, https://dblp.org},
  biburl    = {https://dblp.org/rec/bib/journals/rfc/rfc8268},
  doi       = {10.17487/RFC8268},
  timestamp = {Wed, 14 Nov 2018 10:20:47 +0100},
  url       = {\url{https://doi.org/10.17487/RFC8268}},
}

@Article{rfc8308,
  author    = {Denis Bider},
  title     = {{Extension Negotiation in the Secure Shell (SSH) Protocol}},
  journal   = {RFC},
  year      = {2018},
  volume    = {8308},
  pages     = {1--14},
  bibsource = {dblp computer science bibliography, https://dblp.org},
  biburl    = {https://dblp.org/rec/bib/journals/rfc/rfc8308},
  doi       = {10.17487/RFC8308},
  timestamp = {Wed, 14 Nov 2018 10:19:51 +0100},
  url       = {\url{https://doi.org/10.17487/RFC8308}},
}

@Article{rfc8332,
  author    = {Denis Bider},
  title     = {{Use of RSA Keys with SHA-256 and SHA-512 in the Secure Shell (SSH) Protocol}},
  journal   = {RFC},
  year      = {2018},
  volume    = {8332},
  pages     = {1--9},
  bibsource = {dblp computer science bibliography, https://dblp.org},
  biburl    = {https://dblp.org/rec/bib/journals/rfc/rfc8332},
  doi       = {10.17487/RFC8332},
  timestamp = {Wed, 14 Nov 2018 10:20:49 +0100},
  url       = {\url{https://doi.org/10.17487/RFC8332}},
}

@Misc{openssh,
  title     = {{OpenSSH}},
  month     = dec,
  year      = {1999},
  abstract  = {OpenSSH is the premier connectivity tool for remote login with the SSH protocol. It encrypts all traffic to eliminate eavesdropping, connection hijacking, and other attacks. In addition, OpenSSH provides a large suite of secure tunneling capabilities, several authentication methods, and sophisticated configuration options.},
  groups    = {The OpenBSD Project},
  owner     = {The OpenBSD Project},
  timestamp = {2019-05-01},
  url       = {\url{https://www.openssh.com/}},
}

@Article{rfc854,
  author    = {Jon Postel and Joyce K. Reynolds},
  title     = {Telnet Protocol Specification},
  journal   = {RFC},
  year      = {1983},
  volume    = {854},
  pages     = {1--15},
  bibsource = {dblp computer science bibliography, https://dblp.org},
  biburl    = {https://dblp.org/rec/bib/journals/rfc/rfc854},
  doi       = {10.17487/RFC0854},
  timestamp = {Wed, 14 Nov 2018 10:20:42 +0100},
  url       = {\url{https://doi.org/10.17487/RFC0854}},
}

@Misc{gotelnet,
  author       = {Charles Iliya Krempeaux},
  title        = {go-telnet},
  howpublished = {Github},
  month        = mar,
  year         = {2016},
  url          = {\url{https://github.com/reiver/go-telnet}},
}

@Manual{telnet,
  title     = {telnet(1)},
  month     = feb,
  year      = {1994},
  timestamp = {2019-05-16},
  url       = {\url{https://linux.die.net/man/1/telnet}},
}

@Manual{pam_get_item,
  title     = {pam\_get\_item(3)},
  year      = {2016},
  timestamp = {2019-05-16},
  url       = {\url{http://man7.org/linux/man-pages/man3/pam_get_item.3.html}},
}

@Manual{pam_close_session,
  title     = {pam\_close\_session(3)},
  year      = {2016},
  timestamp = {2019-05-16},
  url       = {\url{http://man7.org/linux/man-pages/man3/pam_close_session.3.html}},
}

@Manual{rsh,
  title     = {rsh(1)},
  month     = aug,
  year      = {1999},
  timestamp = {2019-05-16},
  url       = {\url{https://linux.die.net/man/1/rsh}},
}

@Manual{login,
  title     = {login(1)},
  month     = jun,
  year      = {2012},
  timestamp = {2019-05-16},
  url       = {\url{http://man7.org/linux/man-pages/man1/login.1.html}},
}

@Manual{rlogin,
  title     = {rlogin(1)},
  month     = aug,
  year      = {1999},
  timestamp = {2019-05-16},
  url       = {\url{https://linux.die.net/man/1/rlogin}},
}

@Manual{rcp,
  title     = {rcp(1)},
  month     = aug,
  year      = {1999},
  timestamp = {2019-05-16},
  url       = {\url{https://linux.die.net/man/1/rcp}},
}

@Manual{rsync,
  title     = {rsync(1)},
  month     = jan,
  year      = {2018},
  timestamp = {2019-05-16},
  url       = {\url{http://man7.org/linux/man-pages/man1/rsync.1.html}},
}

@Manual{ruptime,
  title     = {ruptime(1)},
  month     = oct,
  year      = {1996},
  timestamp = {2019-05-16},
  url       = {\url{https://linux.die.net/man/1/ruptime}},
}

@Manual{rexec,
  title     = {rexec(1)},
  month     = oct,
  year      = {1996},
  timestamp = {2019-05-16},
  url       = {\url{https://linux.die.net/man/1/rexec}},
}

@Manual{rwho,
  title     = {rwho(1)},
  month     = oct,
  year      = {1996},
  timestamp = {2019-05-16},
  url       = {\url{https://linux.die.net/man/1/rwho}},
}

@Manual{isatty,
  title     = {isatty(3)},
  month     = oct,
  year      = {2019},
  timestamp = {2019-05-16},
  url       = {\url{http://man7.org/linux/man-pages/man3/isatty.3.html}},
}

@Manual{pam_setcred,
  title     = {pam\_setcred(3)},
  year      = {2016},
  timestamp = {2019-05-16},
  url       = {\url{http://man7.org/linux/man-pages/man3/pam_setcred.3.html}},
}

@Manual{ptsname,
  title     = {ptsname(3)},
  month     = sep,
  year      = {2017},
  timestamp = {2019-05-16},
  url       = {\url{http://man7.org/linux/man-pages/man3/ptsname.3.html}},
}

@Manual{pututxline,
  title     = {pututxline(3)},
  month     = {sep},
  year      = {2017},
  timestamp = {2019-05-16},
  url       = {\url{http://man7.org/linux/man-pages/man3/pututxline.3.html}},
}

@Manual{pam_strerror,
  title     = {pam\_strerror(3)},
  year      = {2016},
  timestamp = {2019-05-16},
  url       = {\url{http://man7.org/linux/man-pages/man3/pam_strerror.3.html}},
}

@Manual{pam_set_item,
  title     = {pam\_set\_item(3)},
  month     = sep,
  year      = {2016},
  timestamp = {2019-05-16},
  url       = {\url{http://man7.org/linux/man-pages/man3/pam_set_item.3.html}},
}

@Manual{pam_start,
  title     = {pam\_start(3)},
  year      = {2016},
  timestamp = {2019-05-16},
  url       = {\url{http://man7.org/linux/man-pages/man3/pam_start.3.html}},
}

@Manual{pam_open_session,
  title     = {pam\_open\_session(3)},
  year      = {2016},
  timestamp = {2019-05-16},
  url       = {\url{http://man7.org/linux/man-pages/man3/pam_open_session.3.html}},
}

@Manual{pam_end,
  title     = {pam\_end(3)},
  year      = {2016},
  timestamp = {2019-05-16},
  url       = {\url{http://man7.org/linux/man-pages/man3/pam_end.3.html}},
}

@Manual{openssl,
  title     = {openssl(1)},
  timestamp = {2019-05-21},
  url       = {\url{https://linux.die.net/man/1/openssl}},
}

@Manual{pam_authenticate,
  title     = {pam\_authenticate(3)},
  year      = {2016},
  timestamp = {2019-05-16},
  url       = {\url{http://man7.org/linux/man-pages/man3/pam_authenticate.3.html}},
}

@Manual{posix_openpt,
  title     = {posix\_openpt(3)},
  month     = sep,
  year      = {2017},
  timestamp = {2019-05-16},
  url       = {\url{http://man7.org/linux/man-pages/man3/posix_openpt.3.html}},
}

@Manual{getpw,
  title     = {getpwnam(3)/getpwuid(3)},
  month     = mar,
  year      = {2019},
  timestamp = {2019-05-22},
  url       = {\url{http://man7.org/linux/man-pages/man3/getpwnam.3.html}},
}

@Manual{unlockpt,
  title     = {unlockpt(3)},
  month     = sep,
  year      = {2017},
  timestamp = {2019-05-16},
  url       = {\url{http://man7.org/linux/man-pages/man3/unlockpt.3.html}},
}

@Manual{tty,
  title     = {tty(4)},
  month     = mar,
  year      = {2019},
  timestamp = {2019-05-16},
  url       = {\url{http://man7.org/linux/man-pages/man4/tty.4.html}},
}

@Manual{pts,
  title     = {pts(4)},
  month     = mar,
  year      = {2013},
  timestamp = {2019-05-16},
  url       = {\url{http://man7.org/linux/man-pages/man4/pts.4.html}},
}

@Manual{pty,
  title     = {pty(7)},
  month     = sep,
  year      = {2017},
  timestamp = {2019-05-16},
  url       = {\url{http://man7.org/linux/man-pages/man7/pty.7.html}},
}

@Article{rfc15,
  author    = {C. Stephen, Carr},
  title     = {Network subsystem for time sharing hosts},
  journal   = {RFC},
  year      = {1969},
  volume    = {15},
  pages     = {1--5},
  bibsource = {dblp computer science bibliography, https://dblp.org},
  biburl    = {https://dblp.org/rec/bib/journals/rfc/rfc15},
  doi       = {10.17487/RFC0015},
  timestamp = {Wed, 14 Nov 2018 10:19:59 +0100},
  url       = {\url{https://doi.org/10.17487/RFC0015}},
}

@Article{rfc8446,
  author    = {Eric Rescorla},
  title     = {The Transport Layer Security {(TLS)} Protocol Version 1.3},
  journal   = {{RFC}},
  year      = {2018},
  volume    = {8446},
  pages     = {1--160},
  bibsource = {dblp computer science bibliography, https://dblp.org},
  biburl    = {https://dblp.org/rec/bib/journals/rfc/rfc8446},
  doi       = {10.17487/RFC8446},
  timestamp = {Tue, 14 May 2019 10:04:09 +0200},
  url       = {\url{https://doi.org/10.17487/RFC8446}},
}

@Manual{rstat,
  title     = {rstat(1)},
  month     = oct,
  year      = {1996},
  timestamp = {2019-05-16},
  url       = {\url{https://linux.die.net/man/1/rstat}},
}

@Misc{gopam,
  author       = {Mike Steinert},
  title        = {Go PAM},
  howpublished = {Github},
  month        = feb,
  year         = {2015},
  url          = {\url{https://github.com/msteinert/pam}},
}

@Manual{grantpt,
  title     = {grantpt(3)},
  month     = sep,
  year      = {2017},
  timestamp = {2019-05-16},
  url       = {\url{http://man7.org/linux/man-pages/man3/grantpt.3.html}},
}

@Comment{jabref-meta: databaseType:bibtex;}
