% This file was created with JabRef 2.10.
% Encoding: Cp1252


@Book{DahmenReusken2008,
  Title                    = {Numerik für Ingenieure und Naturwissenschaftler},
  Author                   = {Wolfgang Dahmen, Arnold Reusken},
  Publisher                = {Springer Berlin Heidelberg},
  Year                     = {2008},
  Address                  = {Berlin, Heidelberg},
  Edition                  = {Zweite, korrigierte Auflage},
  Series                   = {Springer-Lehrbuch SpringerLink : Bücher},
  Bestand                  = {Hochschulbibliothek ZHAW, Winterthur <CH-ZHAW>},
  ISBN                     = {978-3-540-76493-9},
  Keywords                 = {Numerische Mathematik / Lehrbuch / Online-Publikation ; Computer science / Mathematics},
  Size                     = {Online-Ressource (digital)},
  Url                      = {http://dx.doi.org/10.1007/978-3-540-76493-9}
}

@Book{Strehmel2012,
  Title                    = {Numerik gewöhnlicher Differentialgleichungen : Nichtsteife, steife und differential-algebraische Gleichungen},
  Author                   = {Strehmel, Karl},
  Editor                   = {Weiner, Rüdiger and Podhaisky, Helmut},
  Publisher                = {Vieweg+Teubner Verlag},
  Year                     = {2012},

  Address                  = {Wiesbaden},
  Edition                  = {2., überarb. und erw. Aufl. 2012},
  Series                   = {SpringerLink : Bücher},

  Bestand                  = {Hochschulbibliothek ZHAW, Winterthur <CH-ZHAW>},
  ISBN                     = {978-3-8348-2263-5},
  Keywords                 = {Gewöhnliche Differentialgleichung / Anfangswertproblem / Numerisches Verfahren ; Steife Differentialgleichung / Anfangswertproblem / Numerisches Verfahren ; Differential-algebraisches Gleichungssystem / Anfangswertproblem / Numerisches Verfahren ; Differentialgleichung mit nacheilendem Argument / Anfangswertproblem / Numerisches Verfahren ; Numerical analysis / Mathematics},
  Size                     = {Online-Ressource (XI, 505S, digital)},
  Url                      = {http://swbplus.bsz-bw.de/bsz363411895cov.htm, http://dx.doi.org/10.1007/978-3-8348-2263-5}
}

